@book{NocedalNumOpt,
    title={Numerical Optimization},
    author={Nocedal, J. and Wright, S.J.},
    series={Springer Series in Operations Research and Financial Engineering},
    year={2006},
    publisher={Springer},
    edition={Second}
}

@book{BoydCVX,
    author = {Boyd, S. and Vandenberghe, L.},
    title = {Convex Optimization},
    year = {2004},
    publisher = {Cambridge University Press},
    address = {New York, NY, USA},
} 

@book{MacMPC,
    author = {Maciejowski J.M.},
    publisher = {Prentice-Hall},
    title = {Predictive Control with Constraints},
    year = {2002},
}

@book{golub1996matrix,
    title={Matrix Computations},
    author={Golub, G.H. and Van Loan, C.F.},
    series={Johns Hopkins Studies in the Mathematical Sciences},
    year={1996},
    publisher={Johns Hopkins University Press}
}


@inproceedings{diedam2008online,
  title={Online walking gait generation with adaptive foot positioning through linear model predictive control},
  author={Diedam, H. and Dimitrov, D. and Wieber, P.B. and Mombaur, K. and Diehl, M.},
  booktitle={Intelligent Robots and Systems, 2008. IROS 2008. IEEE/RSJ International Conference on},
  pages={1121--1126},
  year={2008},
  organization={IEEE}
}

@article{herdt2010online,
  title={Online Walking Motion Generation with Automatic Footstep Placement},
  author={Herdt, A. and Diedam, H. and Wieber, P.B. and Dimitrov, D. and Mombaur, K. and Diehl, M.},
  journal={Advanced Robotics, 24},
  volume={5},
  number={6},
  pages={719--737},
  year={2010},
  publisher={VSP, an imprint of Brill}
}

@inproceedings{dimitrov2011walking,
    title={Walking motion generation with online foot position adaptation based on $\ell_1$-and $\ell_{\infty}$-norm penalty formulations},
    author={Dimitrov, D. and Paolillo, A. and Wieber, P.B.},
    booktitle={Robotics and Automation (ICRA), 2011 IEEE International Conference on},
    pages={3523--3529},
    year={2011},
    organization={IEEE}
}

@inproceedings{dimitrov2011sparse,
    title={A sparse model predictive control formulation for walking motion generation},
    author={Dimitrov, D. and Sherikov, A. and Wieber, P.B.},
    booktitle={Intelligent Robots and Systems (IROS), 2011 IEEE/RSJ International Conference on},
    pages={2292--2299},
    year={2011},
    organization={IEEE}
}

@inproceedings{3d-lipm,
    author={Kajita, S. and Kanehiro, F. and Kaneko, K. and Fujiwara, K. and Yokoi, K. and Hirukawa, H.},
    booktitle={Robotics and Automation, 2002. Proceedings. ICRA '02. IEEE International Conference on}, 
    title={A realtime pattern generator for biped walking},
    year={2002},
    month={},
    volume={1},
    number={},
    pages={ 31 - 37 vol.1},
}

@article{VukHumanoidTerms,
    author = {Vukobratovi\'{c}, M. and Borovac, B. and Potkonjak, V.},
    title = {Towards a unified understanding of basic notions and terms in humanoid robotics},
    journal = {Robotica},
    volume = {25},
    number = {1},
    month = jan,
    year = {2007},
    pages = {87--101},
    publisher = {Cambridge University Press},
    address = {New York, NY, USA},
} 

@mastersthesis{AntonioThesis,
    author = {Paolillo, A.},
    title = {Online walking motion generation for a humanoid robot based on model predictive control},
    year = {2010},
    school = {Sapienza University of Rome},
}

@phdthesis{HerdtThesis,
    author = {Herdt, A.},
    school = {Paris Institute of Technology},
    title = {Model predictive control of a humanoid robots},
    year = {2012},
}

@article{FastMPC,
    author={Yang Wang and Boyd, S.},
    journal={Control Systems Technology, IEEE Transactions on}, title={Fast Model Predictive Control Using Online Optimization},
    year={2010},
    month={march },
    volume={18},
    number={2},
    pages={267 -278},
}

@incollection{KajitaLegged,
    author = {Kajita, S. and Espiau, B.},
    title = {Legged Robots},
    booktitle = {Springer Handbook of Robotics},
    editor = {Siciliano, Bruno and Khatib, Oussama},
    publisher = {Springer Berlin Heidelberg},
    pages = {361-389},
    year = {2008}
}

@misc{NaoDoc,
    author = {Aldebaran Robotics},
    title = {Nao software documentation},
    howpublished = "\url{http://www.aldebaran-robotics.com/documentation/index.html}",
    note = "[Online; accessed May-2012]"
}

@inproceedings{GoswamiFRI,
    author = {Ambarish Goswami},
    title = {Foot rotation indicator (FRI) point: A new gait planning tool to evaluate postural stability of biped robots},
    booktitle = {IEEE International Conference on Robotics and Automation},
    year = {1999},
    pages = {47--52}
}

@article{VukZMP35,
    author = {Vukobratovi\'c, M. and Borova\'c, B.},
    journal = {International Journal of Humanoid Robotics},
    number = 1,
    pages = {157-173},
    title = {Zero-Moment Point - Thirty Five Years of its Life.},
    volume = 1,
    year = 2004
}

@inproceedings{NaoWalk,
    author={Gouaillier, D. and Collette, C. and Kilner, C.},
    booktitle={Humanoid Robots (Humanoids), 2010 10th IEEE-RAS International Conference on}, 
    title={Omni-directional closed-loop walk for NAO},
    year={2010},
    month={dec.},
    pages={448 -454},
}

@article{SardainZMP,
    author={Sardain, P. and Bessonnet, G.},
    journal={Systems, Man and Cybernetics, Part A: Systems and Humans, IEEE Transactions on}, 
    title={Forces acting on a biped robot. Center of pressure-zero moment point},
    year={2004},
    month={sept.},
    volume={34},
    number={5},
    pages={ 630 - 637},
}

@inproceedings{WieberStability,
    title = {{On the stability of walking systems}},
    author = {Wieber, Pierre-Brice},
    booktitle = {{Proceedings of the International Workshop on Humanoid and Human Friendly Robotics}},
    address = {Tsukuba, Japon},
    year = {2002},
}

@inproceedings{LIPM-MPC,
    author={Kajita, S. and Kanehiro, F. and Kaneko, K. and Fujiwara, K. and Harada, K. and Yokoi, K. and Hirukawa, H.},
    title={Biped walking pattern generation by using preview control of zero-moment point},
    year={2003},
    month={sept.},
    volume={2},
    number={},
    pages={1620 - 1626},
}

@article{Nishiwaki,
    author = {Nishiwaki, K. and Kagami, S.},
    title = {Online Walking Control System for Humanoids with Short Cycle Pattern Generation},
    volume = {28},
    number = {6},
    pages = {729-742},
    year = {2009},
    journal = {The International Journal of Robotics Research}
}

@inproceedings{WieberMPC,
    title = {{Trajectory Free Linear Model Predictive Control for Stable Walking in the Presence of Strong Perturbations}},
    author = {Wieber, Pierre-Brice},
    booktitle = {{IEEE-RAS International Conference on Humanoid Robots}},
    address = {Genova, Italie},
    year = {2006},
}

@inproceedings{dimitrov2008implementation,
    title={On the implementation of model predictive control for on-line walking pattern generation},
    author={Dimitrov, D. and Wieber, P.B. and Ferreau, H.J. and Diehl, M.},
    booktitle={Robotics and Automation, 2008. ICRA 2008. IEEE International Conference on},
    pages={2685--2690},
    year={2008},
    organization={IEEE}
}

@inproceedings{dimitrov2009optimized,
    title={An optimized linear model predictive control solver for online walking motion generation},
    author={Dimitrov, D. and Wieber, P.B. and Stasse, O. and Ferreau, H.J. and Diedam, H.},
    booktitle={Robotics and Automation, 2009. ICRA'09. IEEE International Conference on},
    pages={1171--1176},
    year={2009},
    organization={IEEE}
}

@article{dimitrov2010optimized,
    title={An Optimized Linear Model Predictive Control Solver},
    author={Dimitrov, D. and Wieber, P.B. and Stasse, O. and Ferreau, H.J. and Diedam, H.},
    journal={Recent Advances in Optimization and its Applications in Engineering},
    pages={309--318},
    year={2010},
    publisher={Springer}
}

@article{MPCstab,
    title = "Constrained model predictive control: Stability and optimality",
    journal = "Automatica",
    volume = "36",
    number = "6",
    pages = "789 - 814",
    year = "2000",
    note = "",
    author = "D.Q. Mayne and J.B. Rawlings and C.V. Rao and P.O.M. Scokaert",
}

@article{CollinsPassive,
    author = {Collins, Steve and Ruina, Andy and Tedrake, Russ and Wisse, Martijn},
    journal = {Science},
    number = {5712},
    pages = {1082--1085},
    title = {Efficient Bipedal Robots Based on {Passive-Dynamic} Walkers},
    volume = {307},
    year = {2005}
}

@article{BretlEquilibrium,
    author={Bretl, T. and Lall, S.},
    journal={Robotics, IEEE Transactions on}, title={Testing Static Equilibrium for Legged Robots},
    year={2008},
    month={aug. },
    volume={24},
    number={4},
    pages={794 -807},
}

@inproceedings{AdiosZMP,
    author={Hirukawa, H. and Hattori, S. and Harada, K. and Kajita, S. and Kaneko, K. and Kanehiro, F. and Fujiwara, K. and Morisawa, M.},
    booktitle={Robotics and Automation, 2006. ICRA 2006. Proceedings 2006 IEEE International Conference on}, 
    title={A universal stability criterion of the foot contact of legged robots - adios ZMP},
    year={2006},
    month={may},
    volume={},
    number={},
    pages={1976 -1983},
}

@inproceedings{AmesNaoHumanInspired,
    author = {Ames, Aaron D. and Cousineau, Eric A. and Powell, Matthew J.},
    title = {Dynamically stable bipedal robotic walking with NAO via human-inspired hybrid zero dynamics},
    booktitle = {Proceedings of the 15th ACM international conference on Hybrid Systems: Computation and Control},
    series = {HSCC '12},
    year = {2012},
    pages = {135--144},
    publisher = {ACM},
    address = {New York, NY, USA},
} 

@article{LiuAnalytical,
    author = {Liu, J. and Xue, F. and Chen, X.},
    journal = {International Journal of Humanoid Robotics},
    number = 2,
    pages = {323-357},
    title = {A Universal Biped Walking Generator for Complex Environments with Pattern Feasibility Checking},
    volume = 8,
    year = 2011
}

@inproceedings{MorisawaAnalytical,
    author={Morisawa, M. and Harada, K. and Kajita, S. and Kaneko, K. and Kanehiro, F. and Fujiwara, K. and Nakaoka, S. and Hirukawa, H.},
    booktitle={Humanoid Robots, 2006 6th IEEE-RAS International Conference on}, 
    title={A Biped Pattern Generation Allowing Immediate Modification of Foot Placement in Real-time},
    year={2006},
    month={dec.},
    volume={},
    number={},
    pages={581 -586},
}

@article{ZhangIKRep,
    title = "Repetitive motion of redundant robots planned by three kinds of recurrent neural networks and illustrated with a four-link planar manipulator's straight-line example",
    journal = "Robotics and Autonomous Systems",
    volume = "57",
    number = "6--7",
    pages = "645 - 651",
    year = "2009",
    note = "",
    author = "Yunong Zhang and Zhiguo Tan and Ke Chen and Zhi Yang and Xuanjiao Lv",
}

@inproceedings{BartlettASvsIP,
    author={Bartlett, R.A. and Wachter, A. and Biegler, L.T.},
    booktitle={American Control Conference, 2000. Proceedings of the 2000}, 
    title={Active set vs. interior point strategies for model predictive control},
    year={2000},
    month={},
    volume={6},
    number={},
    pages={4229 -4233 vol.6},
}

@article{BemporadConstrLQR,
    title = "The explicit linear quadratic regulator for constrained systems",
    journal = "Automatica",
    volume = "38",
    number = "1",
    pages = "3 - 20",
    year = "2002",
    note = "",
    author = "Alberto Bemporad and Manfred Morari and Vivek Dua and Efstratios N. Pistikopoulos",
}

@article{FerreauASWarm,
    author = {Ferreau, H. J. and Bock, H. G. and Diehl, M.},
    title = {An online active set strategy to overcome the limitations of explicit MPC},
    journal = {International Journal of Robust and Nonlinear Control},
    volume = {18},
    number = {8},
    publisher = {John Wiley \& Sons, Ltd.},
    pages = {816--830},
    year = {2008},
}

@article{McGeer,
    author = {McGeer, Tad},
    title = {Passive Dynamic Walking},
    volume = {9},
    number = {2},
    pages = {62-82},
    year = {1990},
    journal = {The International Journal of Robotics Research}
}

@article{MuskeLinearMPC,
    author = {Muske, Kenneth R. and Rawlings, James B.},
    title = {Model predictive control with linear models},
    journal = {AIChE Journal},
    volume = {39},
    number = {2},
    publisher = {American Institute of Chemical Engineers},
    pages = {262--287},
    year = {1993},
}

@article{RaoIPMPC,
    author = {Rao, C. Y. and Wright, S. J. and Rawlings, J. B.},
    title = {Application of interior-point methods to model predictive control},
    journal = {J. Optim. Theory Appl.},
    volume = {99},
    number = {3},
    month = dec,
    year = {1998},
    pages = {723--757},
    publisher = {Plenum Press},
    address = {New York, NY, USA},
} 

@techreport{GillSchurQP,
    author = {Gill, P. E. and Murray, W. and Saunders, M. A. and Wright, M. H.},
    title = {A Schur-Complement Method for Sparse Quadratic Programming},
    institution = {Stanford University},
    year = {1987},
}

@incollection{DiehlNMPC,
    year={2009},
    booktitle={Nonlinear Model Predictive Control},
    volume={384},
    series={Lecture Notes in Control and Information Sciences},
    editor={Magni, Lalo and Raimondo, DavideMartino and Allgwer, Frank},
    title={Efficient Numerical Methods for Nonlinear MPC and Moving Horizon Estimation},
    publisher={Springer Berlin Heidelberg},
    author={Diehl, Moritz and Ferreau, HansJoachim and Haverbeke, Niels},
    pages={391-417},
}

@inproceedings{BockMultShooting, 
    title={A multiple shooting algorithm for direct solution of optimal control problems}, 
    booktitle={Proceedings 9th IFAC World Congress Budapest},
    publisher={Pergamon Press},
    author={Bock, H. G. and Plitt, K. J.},
    year={1984}, 
    pages={243--247}
}


@incollection{KempHumanoids,
    author = {Kemp, C.C. and Fitzpatrick, P. and Hirukawa, H. and Yokoi, K. and Harada, K. and Matsumoto, Y.},
    title = {Humanoids},
    booktitle = {Springer Handbook of Robotics},
    editor = {Siciliano, Bruno and Khatib, Oussama},
    publisher = {Springer Berlin Heidelberg},
    pages = {361-389},
    year = {2008},
}
